<?xml version="1.0" encoding="UTF-8"?><record xmlns="http://www.loc.gov/MARC21/slim" xmlns:cinclude="http://apache.org/cocoon/include/1.0" xmlns:zs="http://www.loc.gov/zing/srw/">
  <leader>00738cz  a2200205n  4500</leader>
  <controlfield tag="001">no2012062819</controlfield>
  <controlfield tag="003">DLC</controlfield>
  <controlfield tag="005">20130328082008.0</controlfield>
  <controlfield tag="008">120504n| azannaabn          |a aaa     c</controlfield>
  <datafield tag="010" ind1=" " ind2=" ">
    <subfield code="a">no2012062819</subfield>
  </datafield>
  <datafield tag="035" ind1=" " ind2=" ">
    <subfield code="a">(OCoLC)oca09190080</subfield>
  </datafield>
  <datafield tag="040" ind1=" " ind2=" ">
    <subfield code="a">DFo</subfield>
    <subfield code="b">eng</subfield>
    <subfield code="e">rda</subfield>
    <subfield code="c">DFo</subfield>
    <subfield code="d">DLC</subfield>
  </datafield>
  <datafield tag="046" ind1=" " ind2=" ">
    <subfield code="g">1697</subfield>
  </datafield>
  <datafield tag="100" ind1="1" ind2=" ">
    <subfield code="a">Leoni, Pietro,</subfield>
    <subfield code="d">-1697</subfield>
  </datafield>
  <datafield tag="400" ind1="0" ind2=" ">
    <subfield code="a">Cynthius,</subfield>
    <subfield code="c">Cenetensis,</subfield>
    <subfield code="d">-1697</subfield>
  </datafield>
  <datafield tag="400" ind1="1" ind2=" ">
    <subfield code="w">nnea</subfield>
    <subfield code="a">Leoni, Pietro,</subfield>
    <subfield code="d">d. 1697</subfield>
  </datafield>
  <datafield tag="400" ind1="1" ind2=" ">
    <subfield code="a">Leono, Petro,</subfield>
    <subfield code="d">-1697</subfield>
  </datafield>
  <datafield tag="667" ind1=" " ind2=" ">
    <subfield code="a">Cannot identify with Leoni, Pietro, fl. 1700.</subfield>
  </datafield>
  <datafield tag="670" ind1=" " ind2=" ">
    <subfield code="a">In Virgilii Aeneidem commentarium e codice Ambrosianae Bibliothecae, 1845:</subfield>
    <subfield code="b">t.p. (Cynthii Cenetensis)</subfield>
  </datafield>
  <datafield tag="670" ind1=" " ind2=" ">
    <subfield code="a">Karlsruher Virtueller Katalog (KVK), 16 June 2009</subfield>
    <subfield code="b">(hdg: Leoni, Pietro, d. 1697; usage: Petro Leono)</subfield>
  </datafield>
</record>